<?xml version="1.0" encoding="UTF-8"?><collection xmlns="http://www.loc.gov/MARC21/slim"><record><leader>00428nam--2200145-i-4500</leader><controlfield tag="001">000004474</controlfield><controlfield tag="002">20161230</controlfield><controlfield tag="005">20161230201025</controlfield><controlfield tag="008">060222s1000------------r-----000-0-eng-d</controlfield><datafield ind1=" " ind2=" " tag="080"><subfield code="a">620.171.5</subfield></datafield><datafield ind1=" " ind2=" " tag="100"><subfield code="a">Boiko, B.B., Gubkin, S.I., Dobrovolski, S.I</subfield></datafield><datafield ind1=" " ind2=" " tag="245"><subfield code="a">Fotoplasticitatea</subfield></datafield><datafield ind1=" " ind2=" " tag="260"><subfield code="a">Bucuresti, I.D.T., 1959. 133 P. + Erata</subfield></datafield><datafield ind1=" " ind2=" " tag="490"><subfield code="a">Academia De Stiinte A R.S.S. Bielorusa, Instit Utul Fizico-tehnic</subfield></datafield><datafield ind1=" " ind2=" " tag="852"><subfield code="a">5835</subfield></datafield></record></collection>